%% This BibTeX bibliography file was created using BibDesk.
%% http://bibdesk.sourceforge.net/


%% Created for Juste Raimbault at 2016-08-08 18:06:25 +0200 


%% Saved with string encoding Occidental (ISO Latin 1) 



@article{pumain2010theorie,
	Author = {Pumain, Denise},
	Date-Added = {2016-08-08 16:05:45 +0000},
	Date-Modified = {2016-08-08 16:05:45 +0000},
	Journal = {Bulletin de la Soci{\'e}t{\'e} g{\'e}ographie de Li{\`e}ge},
	Number = {55},
	Pages = {5--15},
	Title = {Une th{\'e}orie g{\'e}ographique des villes},
	Year = {2010}}

@incollection{pumain2012urban,
	Author = {Pumain, Denise},
	Booktitle = {Complexity Theories of Cities Have Come of Age},
	Date-Added = {2016-08-08 16:05:45 +0000},
	Date-Modified = {2016-08-08 16:05:45 +0000},
	Pages = {91--103},
	Publisher = {Springer},
	Title = {Urban systems dynamics, urban growth and scaling laws: The question of ergodicity},
	Year = {2012}}

@article{pumain1997pour,
	Author = {Pumain, Denise},
	Date-Added = {2016-08-08 16:05:45 +0000},
	Date-Modified = {2016-08-08 16:05:45 +0000},
	Journal = {Espace g{\'e}ographique},
	Number = {2},
	Pages = {119--134},
	Title = {Pour une th{\'e}orie {\'e}volutive des villes},
	Volume = {26},
	Year = {1997}}

@article{pumain2006evolutionary,
	Author = {Pumain, Denise and Paulus, Fabien and Vacchiani-Marcuzzo, C{\'e}line and Lobo, Jos{\'e}},
	Date-Added = {2016-08-08 16:05:45 +0000},
	Date-Modified = {2016-08-08 16:05:45 +0000},
	Journal = {Cybergeo: European Journal of Geography},
	Title = {An evolutionary theory for interpreting urban scaling laws},
	Year = {2006}}

@article{magnaghi2014bioregion,
	Author = {Magnaghi, Alberto},
	Date-Added = {2016-08-08 16:05:45 +0000},
	Date-Modified = {2016-08-08 16:05:45 +0000},
	Journal = {Petit trait{\'e} sur le territoire bien commun. Rhizome {\'e}d. Paris: Eterotopia France},
	Title = {La bior{\'e}gion urbaine},
	Year = {2014}}

@article{magnaghi2005local,
	Author = {Magnaghi, Alberto},
	Date-Added = {2016-08-08 15:14:48 +0000},
	Date-Modified = {2016-08-08 15:14:48 +0000},
	Journal = {Planning in a more globalized and competitive world. Proceedings of the 39},
	Title = {Local Utopia: Towards a fair and non-hierarchical bottom-up globalization},
	Year = {2005}}
